@article{Leong,
  title={Continuous top-k monitoring on document streams},
  author={Zhang, Junjie and Mouratidis, Kyriakos and Li, Ye and others},
  journal={IEEE Transactions on Knowledge and Data Engineering},
  volume={29},
  number={5},
  pages={991--1003},
  year={2017},
  publisher={IEEE}
}
@inproceedings{Kyriakos,
  title={Continuous monitoring of top-k queries over sliding windows},
  author={Mouratidis, Kyriakos and Bakiras, Spiridon and Papadias, Dimitris},
  booktitle={Proceedings of the 2006 ACM SIGMOD international conference on Management of data},
  pages={635--646},
  year={2006}
}
@inproceedings{Di,
  title={An optimal strategy for monitoring top-k queries in streaming windows},
  author={Yang, Di and Shastri, Avani and Rundensteiner, Elke A and Ward, Matthew O},
  booktitle={Proceedings of the 14th International Conference on Extending Database Technology},
  pages={57--68},
  year={2011}
}
@article{xu,
  title={Continuous similarity search for evolving queries},
  author={Xu, Xiaoning and Gao, Chuancong and Pei, Jian and Wang, Ke and Al-Barakati, Abdullah},
  journal={Knowledge and Information Systems},
  volume={48},
  number={3},
  pages={649--678},
  year={2016},
  publisher={Springer}
}
@inproceedings{noguchi,
  title={Continuous Similarity Search for Evolving Database},
  author={Koga, Hisashi and Noguchi, Daiki},
  booktitle={International Conference on Similarity Search and Applications},
  pages={155--167},
  year={2020}
}
@article{korte,
  title={An analysis of the greedy heuristic for independence systems},
  author={Korte, Bernhard and Hausmann, Dirk},
  journal={Algorithmic aspects of combinatorics},
  volume={2},
  pages={65--74},
  year={1978},
  publisher={Elsevier}
}

@ARTICLE{CoPhIR, 
    title = {{C}o{P}h{I}{R}: a Test Collection for Content-Based Image Retrieval}, 
    author = {Paolo Bolettieri and Andrea Esuli and Fabrizio Falchi and Claudio Lucchese and Raffaele Perego and Tommaso Piccioli and Fausto Rabitti}, 
    journal   = {{C}o{R}{R}}, 
    volume    = {abs/0905.4627v2}, 
    year = {2009}, 
    ee = {http://arxiv.org/abs/0905.4627v2}, 
    url = {http://cophir.isti.cnr.it} 
}

@inproceedings{2009,
  author    = {Paolo Bolettieri and Andrea Eusli and Fabrizio Falchi and Claudio Lucchese and Raffaele Perego and Fausto Rabitti},
  title     = {Enabling Content-Based Image Retrieval in Very Large Digital Libraries},
  booktitle = {Proceeding of the Second Workshop on Very Large Digital Libraries},
  pages     = {43-50},
  year      = {2009},
  publisher = {DELOS: an Association for Digital Libraries},
  isbn      = {978-888850685-2}
}
@article{mohring1995cardinality,
  title={Cardinality matching: Heuristic search for augmenting paths},
  author={M{\"o}hring, R and M{\"u}ller-Hannemann, Matthias},
  journal={Matthias M{\"u}ller-Hannemann, Technische Universit{\"a}t Berlin},
  number={439},
  year={1995}
}

@article{mann2017swoop,
  title={Swoop: Top-k similarity joins over set streams},
  author={Mann, Willi and Augsten, Nikolaus and Jensen, Christian S},
  journal={arXiv preprint arXiv:1711.02476},
  year={2017}
}
@article{kubo,
  title={ストリーム環境でのテキスト集合に対する類似検索},
  author={久保幸平 and 古賀久志 and others},
  journal={研究報告数理モデル化と問題解決 (MPS)},
  volume={2020},
  number={11},
  pages={1--6},
  year={2020}
}
@inproceedings{efstathiades,
  title={Similarity Search on Spatio-Textual Point Sets.},
  author={Efstathiades, Christodoulos and Belesiotis, Alexandros and Skoutas, Dimitrios and Pfoser, Dieter},
  booktitle={EDBT},
  pages={329--340},
  year={2016}
}

@inproceedings{chen2010inverted,
  title={Inverted Index Compression for Scalable Image Matching.},
  author={Chen, David M and Tsai, Sam S and Chandrasekhar, Vijay and Takacs, Gabriel and Vedantham, Ramakrishna and Grzeszczuk, Radek and Girod, Bernd},
  booktitle={DCC},
  pages={525},
  year={2010}
}

@article{zhang2021clustering,
  title={Clustering Enhanced Error-tolerant Top-k Spatio-textual Search},
  author={Zhang, Yong and Chen, Yu and Yang, Junye and Wang, Jin and Hu, Huiqi and Xing, Chunxiao and Zhou, Xiaofang},
  journal={World Wide Web},
  pages={1--30},
  year={2021},
  publisher={Springer}
}


% 転置インデクスのTAATとDAATの参考
@article{fontoura2011evaluation,
  title={Evaluation strategies for top-k queries over memory-resident inverted indexes},
  author={Fontoura, Marcus and Josifovski, Vanja and Liu, Jinhui and Venkatesan, Srihari and Zhu, Xiangfei and Zien, Jason},
  journal={Proceedings of the VLDB Endowment},
  volume={4},
  number={12},
  pages={1213--1224},
  year={2011},
  publisher={VLDB Endowment}
}

@article{me,
  title={転置インデクスを用いた動的なテキスト集合に対する類似検索の高速化},
  author={土田祐将 and 古賀久志 and others},
  journal={研究報告データベースシステム (DBS)},
  volume={2021},
  number={1},
  pages={1--6},
  year={2021}
}